<record><leader>00000cas a22000007a 4500</leader><controlfield tag="001">30855073</controlfield><controlfield tag="008">940730d18uu1890inuwr ne      0    0eng d</controlfield><datafield ind1=" " ind2=" " tag="010"><subfield code="a">sn 94055021 </subfield></datafield><datafield ind1=" " ind2=" " tag="040"><subfield code="a">NPI</subfield><subfield code="b">eng</subfield><subfield code="c">NPI</subfield><subfield code="d">OCLCQ</subfield></datafield><datafield ind1=" " ind2=" " tag="042"><subfield code="a">msc</subfield></datafield><datafield ind1="0" ind2="4" tag="245"><subfield code="a">The Ripley independent.</subfield></datafield><datafield ind1=" " ind2=" " tag="260"><subfield code="a">Batesville, Ind. :</subfield><subfield code="b">G.H. Gabler,</subfield><subfield code="c">-1890.</subfield></datafield><datafield ind1=" " ind2=" " tag="300"><subfield code="a">v.</subfield></datafield><datafield ind1=" " ind2=" " tag="310"><subfield code="a">Weekly</subfield></datafield><datafield ind1="0" ind2=" " tag="362"><subfield code="a">-v. 4, no. 14 (Dec. 27, 1890).</subfield></datafield><datafield ind1=" " ind2=" " tag="588"><subfield code="a">Description based on: Vol. 4, no. [5] (Oct. 25, 1890).</subfield></datafield><datafield ind1=" " ind2=" " tag="752"><subfield code="a">United States</subfield><subfield code="b">Indiana</subfield><subfield code="c">Ripley</subfield><subfield code="d">Batesville.</subfield></datafield><datafield ind1="0" ind2="0" tag="780"><subfield code="t">Batesville budget</subfield><subfield code="w">(DLC)sn 94055020</subfield></datafield><datafield ind1="0" ind2="0" tag="785"><subfield code="t">Independent record (Batesville, Ind.)</subfield><subfield code="w">(DLC)sn 94055022</subfield></datafield><datafield ind1="1" ind2=" " tag="029"><subfield code="a">AU@</subfield><subfield code="b">000023559915</subfield></datafield></record>